<?xml version="1.0" encoding="UTF-8"?><collection xmlns="http://www.loc.gov/MARC21/slim"><record><leader>00541nam--2200181-i-4500</leader><controlfield tag="001">000016941</controlfield><controlfield tag="002">20161230</controlfield><controlfield tag="005">20161230201032</controlfield><controlfield tag="008">060222s1000------------r-----000-0-eng-d</controlfield><datafield ind1=" " ind2=" " tag="040"><subfield code="a">IFIN-HH</subfield></datafield><datafield ind1=" " ind2=" " tag="080"><subfield code="a">524.74</subfield></datafield><datafield ind1="1" ind2=" " tag="100"><subfield code="a">Busarello, G</subfield></datafield><datafield ind1="1" ind2="0" tag="245"><subfield code="a">Atlas of velocity dispersion profiles and rotation curves for elliptical and lenticular galaxies</subfield><subfield code="c">G. busarello, g. longo, f. di martino</subfield></datafield><datafield ind1=" " ind2=" " tag="260"><subfield code="a">Napoli</subfield><subfield code="b">Liguori Editore</subfield><subfield code="c">1989</subfield></datafield><datafield ind1=" " ind2=" " tag="490"><subfield code="a">158 P</subfield></datafield><datafield ind1="1" ind2=" " tag="700"><subfield code="a">Martino, F. Di</subfield></datafield><datafield ind1=" " ind2=" " tag="852"><subfield code="a">79238</subfield><subfield code="c">523</subfield></datafield><datafield ind1=" " ind2=" " tag="CAT"><subfield code="a">Sys</subfield><subfield code="c">20141209</subfield><subfield code="h">185621</subfield></datafield></record></collection>